@video{unknown-author-2020,
	author = {{Sebastian Godinez}},
	date = {2020-11-24},
	title = {Ejemplo del m√©todo Quine-McCluskey},
	url = {https://www.youtube.com/watch?v=QeggtMMXsLc},
}