@online{pingping-2025,
	author = {given-i=P, given=Pingping},
	date = {2025-02-20},
	title = {AMD Ryzen 5 vs Intel I5: Comparación Detallada de Procesadores de Gama Media},
	url = {https://www.geekom.es/amd-ryzen-5-vs-intel-i5-comparacion-detallada/?srsltid=AfmBOoqHlm-zRkCjJwEJgOddD4UFHTGiYqzhIGzrfmSsgcoGgTEDwgwn},
}

@online{aller-2019,
	author = {given-i=Á, given=Ángel, family=Aller},
	date = {2019-11-13},
	title = {Registros del procesador: qué es y como funciona},
	url = {https://www.profesionalreview.com/2019/11/18/registros-del-procesador/},
}

@misc{vega-no-date,
	annotate = {[Archivo PDF]},
	author = {Vega, José Ignacio and Sánchez, Roberto and Salgado, Gerardo and Sánchez, Luis Andrés},
	title = {{Arquitectura RISC vs CISC}},
	url = {https://triton.astroscu.unam.mx/fruiz/introduccion/introduccion_computacion/Arquitectura%20RISC%20vs%20CISC.pdf},
}

@online{galaviz-no-date,
	author = {given=José, family=Galaviz},
	title = {Introduccion.pdf},
	url = {https://drive.google.com/file/d/1xCVngRq8XceJBAafB7r01_admu-BQl1m/view},
}

@online{Wikipedia-2025,
	title = {Intel 4004}
	url{https://es.wikipedia.org/w/index.php?title=Intel_4004&oldid=166322749}
}
